@Book{Pup09,
  author =		 {Василий Пупкин and Эйнштейн, А.},
  title = 		 {\LaTeX для <<чайников>>},
  publisher = 	 {М.},
  year = 		 {2009},
  language =     "russian"
}

@Book{stat,
	author    = {Гордиенко, Е. П. and Паненко, Н. С.},
	publisher = {Филиал федерального государственного бюджетного образовательного учреждения высшнего образования <<Ростовский государственный университет путей сообщения>> в г. Воронеж},
	title     = {Современные технологии обработки и анализа больших данных в научных исследованиях},
	year      = {2018},
	pages = "44-48"
}

@Book{def,
	author    = {Буданова, А. С.},
	publisher = {Финансовый университет при Правительстве Российской Федерации, г. Москва},
	title     = {Понятие и назначение медицинской информационной системы},
	year      = {2016},
	pages = "40-41"
}

@Book{troubles,
	author    = {Абдуманонов, А. А. and Алиев, Р. Э. and Карабаев, М. К. and Хошимов, В. Г.},
	publisher = {Телекоммуникации и транспорт.},
	title     = {О проектировании медицинских баз данных и информационных систем для организации и управления лечебно-диагностических процессов},
	year      = {2016},
	pages = "45-53"
}

@Book{use-case,
	author    = {Reza Fauzan and Daniel Siahhan and Siti Rochimah and Evi Triandini},
	publisher = {IEEE},
	title     = {Use Case Diagram Similarity Measurement: A New Approach},
	year      = {2019}
}

@Book{erm,
	author    = {Чен Петер Пин-Шен},
	publisher = {Системы управления базами данных},
	title     = {Модель <<сущность-связь>> - шаг к единому представлению данных},
	year      = {1995}
}

@Book{ready,
	author    = {Соколова, А. А.},
	publisher = {Вестник магистратуры},
	title     = {Медицинские ифнормационные системы в работе медицинского персонала},
	year      = {2021}
}

@Book{def-book,
	author    = {Кучкин, В. П.},
	publisher = {Военная академия Ракетных войск стратегического назначения им. Петра Великого, г. Серпухов, Московская область},
	title     = {Методы защиты баз данных},
	year      = {2021}
}

@Book{graph,
	author    = {Довбенко, А. В.},
	publisher = {Воронежский Государственный Университет},
	title     = {Определение тематики запроса, используя графовые модели данных},
	year      = {2018}
}

@Book{sbd,
	author    = {Заушина, А. С. and Жуковская, А. Н.},
	publisher = {Сибирский государственный аэрокосмический университет имени академика М.Ф. Решетнева},
	title     = {Основные функции и типовая организация СУБД},
	year      = {2021},
	pages = "177-179"
}

@Book{ssbd,
	author    = {Карманович, И. И. and Модин, В. С.},
	publisher = {Орский гуманитарно-технический институт ФГБОУ ВПО «Оренбургский государственный университет»},
	title     = {Обзор современных СУБД},
	year      = {2016},
	pages = "177-179"
}

@Online{def-online,
	title     = {Медицинские информационные системы в работе медицинского персонала},
	update = {2022-19-04},
	url = {http://bseu.by/it/tohod/lekcii9_2.htm}
}

@Online{plpy,
	title     = {Pl/Python - процедурный язык Python},
	update = {2022-24-04},
	url = {https://postgrespro.ru/docs/postgresql/9.6/plpython-python23}
}


@Online{fact,
	title     = {Федеральный закон №152-ФЗ <<О персональных данных>>},
	update = {2022-19-04},
	url = {http://pravo.gov.ru/proxy/ips/?docbody=&nd=102108261&intelsearch=152-%F4%E7}
}

@Online{ops,
	title     = {Администрирование баз данных},
	update = {2022-25-04},
	url = {http://bseu.by/it/tohod/lekcii9_2.htm}
}

@Online{golang,
	title     = {Golang Documentation},
	update = {2022-25-06},
	url = {https://go.dev/doc/}
}

@Online{postgres,
	title     = {PostgreSQL Documentation},
	update = {2022-25-06},
	url = {https://www.postgresql.org/docs/}
}

@Online{gorilla,
	title     = {Gorilla/Mux package documentation},
	update = {2022-25-06},
	url = {https://pkg.go.dev/github.com/gorilla/mux}
}

@Online{http,
	title     = {Net/Http package documentation},
	update = {2022-25-06},
	url = {https://pkg.go.dev/net/http}
}

@Online{pq,
	title     = {Lib/Pq package documentation},
	update = {2022-25-06},
	url = {https://pkg.go.dev/github.com/lib/pq}
}

@Online{crypto,
	title     = {X/Crypto package documentation},
	update = {2022-25-06},
	url = {https://pkg.go.dev/golang.org/x/crypto}
}

@Online{validation,
	title     = {Validation package documentation},
	update = {2022-25-06},
	url = {https://pkg.go.dev/github.com/go-ozzo/ozzo-validation/v4}
}

@Online{sessions,
	title     = {Sessions package documentation},
	update = {2022-25-06},
	url = {https://pkg.go.dev/github.com/gorilla/sessions}
}

@Online{html,
	title     = {HTML documentation},
	update = {2022-25-06},
	url = {https://devdocs.io/html/}
}

@Online{postrel,
	title     = {Постреляционная, многомерная и объектно-ориентированная модели данных},
	update = {2022-25-08},
	url = {http://bseu.by/it/tohod/lekcii2_4.htm}
}

@Online{postrel2,
	title     = {Многомерная модель данных},
	update = {2022-25-08},
	url = {https://studme.org/117583/informatika/mnogomernaya_model_dannyh}
}

@Online{testing,
	title     = {Testing package documentation},
	update = {2022-25-06},
	url = {https://pkg.go.dev/testing}
}

@Online{randomdata,
	title     = {Randomdata package documentation},
	update = {2022-05-09},
	url = {https://pkg.go.dev/github.com/pallinder/go-randomdata}
}